@Article{pictureQP,
AUTHOR = {Carpio, Marcel and Calvo, Jessica and García, Omar and Pedraza, Juan Pablo and Cabrera, José María},
TITLE = {Heat Treatment Design for a QP Steel: Effect of Partitioning Temperature},
JOURNAL = {Metals},
VOLUME = {11},
YEAR = {2021},
NUMBER = {7},
ARTICLE-NUMBER = {1136},
}
@article{QPprop,
author = {Li, Zinan and Chang, Yuling and Rong, J and Min, J and Lian, Junhe},
year = {2023},
month = {06},
pages = {012021},
title = {Edge fracture of the first and third-generation high-strength steels: DP1000 and QP1000},
volume = {1284},
journal = {IOP Conference Series: Materials Science and Engineering},
doi = {10.1088/1757-899X/1284/1/012021}
}
@article{Yucel2020,
  doi = {10.1007/s40192-020-00183-3},
  url = {https://doi.org/10.1007/s40192-020-00183-3},
  year = {2020},
  month = sep,
  publisher = {Springer Science and Business Media {LLC}},
  volume = {9},
  number = {3},
  pages = {240--256},
  author = {Berkay Yucel and Sezen Yucel and Arunim Ray and Lode Duprez and Surya R. Kalidindi},
  title = {Mining the Correlations Between Optical Micrographs and Mechanical Properties of Cold-Rolled {HSLA} Steels Using Machine Learning Approaches},
  journal = {Integrating Materials and Manufacturing Innovation}
}
@article{Azhari2022,
  doi = {10.1007/s40192-022-00257-4},
  url = {https://doi.org/10.1007/s40192-022-00257-4},
  year = {2022},
  month = mar,
  publisher = {Springer Science and Business Media {LLC}},
  volume = {11},
  number = {2},
  pages = {214--229},
  author = {Fatemeh Azhari and William Davids and Hansheng Chen and Simon P. Ringer and Chris Wallbrink and Zoran Sterjovski and Bruce R. Crawford and Dylan Agius and Chun H. Wang and Graham Schaffer},
  title = {A Comparison of Statistically Equivalent and Realistic Microstructural Representative Volume Elements for Crystal Plasticity Models},
  journal = {Integrating Materials and Manufacturing Innovation}
}